@ARTICLE{mcGurk,
   author = {{McGurk}, H. and {MacDonald}, J.},
    title = "{Hearing lips and seeing voices}",
  journal = nat,
     year = 1976,
    month = dec,
   volume = 264,
    pages = {746-748},
      doi = {10.1038/264746a0},
   adsurl = {http://adsabs.harvard.edu/abs/1976Natur.264..746M},
  adsnote = {Provided by the SAO/NASA Astrophysics Data System}
}

@ARTICLE{Horn1993,
	author = {Horn, Berthold and Schunck, B},
	doi = {10.1016/0004-3702(93)90173-9},
	file = {:C$\backslash$:/Users/YS/Desktop/HornSchunckOptical{\_}Flow.pdf:pdf},
	isbn = {0867204524},
	issn = {00043702},
	journal = {Artificial Intelligence},
	keywords = {Brightness Change Cons,Motion Field,Optical Flow, Motion Field, Brightness Change Cons},
	number = {1-2},
	pages = {81--87},
	pmid = {14765965},
	title = {{“Determining optical flow”: A retrospective}},
	volume = {59},
	year = {1993}
}

@article{hochreiter1997long,
	title={Long short-term memory},
	author={Hochreiter, Sepp and Schmidhuber, J{\"u}rgen},
	journal={Neural computation},
	volume={9},
	number={8},
	pages={1735--1780},
	year={1997},
	publisher={MIT Press}
}

@ARTICLE{BiLSTM,
	author = {Alex Graves and Jürgen Schmidhuber},
	title = {Framewise phoneme classification with bidirectional lstm and other 
	neural network architectures},
	journal = {Neural Networks},
	year = {2005},
	pages = {5--6}
}